
@book{hightowerKubernetesKompakte2018,
  title = {Kubernetes: eine kompakte Einführung},
  shorttitle = {Kubernetes},
  author = {Hightower, Kelsey and Burns, Brendan and Beda, Joe},
  date = {2018},
  edition = {1. Auflage},
  publisher = {{dpunkt.verlag}},
  location = {{Heidelberg}},
  file = {/home/simon/Zotero/storage/MTMSZFNR/Hightower et al. - 2018 - Kubernetes eine kompakte Einführung.pdf},
  isbn = {978-3-86490-542-1},
  langid = {german},
  pagetotal = {191},
  translator = {Demmig, Thomas}
}


