
@inproceedings{abdollahivayghanDeploying2018,
  title = {Deploying {{Microservice Based Applications}} with {{Kubernetes}}},
  booktitle = {{{IEEE}} 11th {{International Conference}} on {{Cloud Computing}} ({{CLOUD}})},
  author = {Abdollahi Vayghan, Leila and Saied, Mohamed Aymen and Toeroe, Maria and Khendek, Ferhat},
  date = {2018-07},
  pages = {970--973},
  publisher = {{IEEE}},
  location = {{San Francisco}},
  url = {https://ieeexplore.ieee.org/document/8457916/},
  urldate = {2021-10-04},
  isbn = {978-1-5386-7235-8}
}

@book{arundelCloud2019,
  title = {Cloud {{Native DevOps}} Mit {{Kubernetes}}},
  author = {Arundel, John and Domingus, Justin},
  date = {2019},
  edition = {1. Auflage},
  publisher = {{dpunkt.verlag}},
  location = {{Heidelberg}},
  isbn = {978-3-86490-698-5}
}

@inproceedings{burnsDesign2016,
  title = {Design {{Patterns}} for {{Container-based Distributed Systems}}},
  author = {Burns, Brendan and Oppenheimer, David},
  date = {2016-06},
  publisher = {{USENIX Association}},
  url = {https://www.usenix.org/conference/hotcloud16/workshop-program/presentation/burns},
  eventtitle = {8th {{USENIX Workshop}} on {{Hot Topics}} in {{Cloud Computing}} ({{HotCloud}} 16)}
}

@report{cloudnativecomputingfoundationCloud2020,
  title = {Cloud {{Native Survey}}},
  author = {{Cloud Native Computing Foundation}},
  date = {2020-11-17},
  location = {{San Francisco}},
  url = {https://www.cncf.io/blog/2020/11/17/cloud-native-survey-2020-containers-in-production-jump-300-from-our-first-survey/},
  urldate = {2022-01-26},
  abstract = {Today we are very excited to release our Cloud Native Survey 2020. The report showcases the CNCF Cloud Native Survey results, which was conducted this year for the eighth time.},
  file = {/home/simon/Zotero/storage/229X5WRX/cloud-native-survey-2020-containers-in-production-jump-300-from-our-first-survey.html}
}

@article{conwayHow1968,
  title = {How {{Do Committees Invent}}?},
  author = {Conway, Melvin},
  date = {1968-04},
  journaltitle = {Datamation},
  url = {http://www.melconway.com/Home/Committees_Paper.html},
  urldate = {2022-01-27},
  file = {/home/simon/Zotero/storage/XHB2AFR7/Committees_Paper.html}
}

@online{dockerinc.Docker2022,
  title = {Docker {{Documentation}}},
  author = {{Docker Inc.}},
  date = {2022},
  url = {https://docs.docker.com/},
  urldate = {2022-02-01},
  organization = {{Docker Documentation}},
  file = {/home/simon/Zotero/storage/CWIBYXP8/docs.docker.com.html}
}

@book{evansDomaindriven2004,
  title = {Domain-Driven Design},
  author = {Evans, Eric},
  date = {2004},
  publisher = {{Addison-Wesley}},
  location = {{Boston}},
  isbn = {978-0-321-12521-7},
  keywords = {Computer software,Development,Object-oriented programming (Computer science)}
}

@misc{evansDomainDriven2015,
  title = {Domain-{{Driven Design Reference}}},
  author = {Evans, Eric},
  date = {2015},
  publisher = {{Domain Language, Inc.}},
  url = {https://www.domainlanguage.com/ddd/reference/},
  urldate = {2022-02-01},
  abstract = {A summary of the patterns and definitions of DDD. This document is meant as a convenient reference for those who know the principles of Domain-Driven Design (DDD). It does not contain full explanations of DDD or even of the terms and patterns covered. It is intended to be used as a complement to books and...},
  file = {/home/simon/Zotero/storage/NEZCBR3V/reference.html}
}

@thesis{fieldingArchitectural2000,
  title = {Architectural {{Styles}} and the {{Design}} of {{Network-based Software Architectures}}},
  author = {Fielding, Roy},
  date = {2000},
  institution = {{University of California}},
  url = {https://www.ics.uci.edu/~fielding/pubs/dissertation/top.htm},
  urldate = {2022-01-28},
  file = {/home/simon/Zotero/storage/SAN3XTTX/top.html}
}

@book{halstenbergDevOps2020,
  title = {{{DevOps}}: {{Ein Überblick}}},
  author = {Halstenberg, Jürgen and Pfitzinger, Bernd and Jestädt, Thomas},
  date = {2020},
  publisher = {{Springer Vieweg}},
  location = {{Wiesbaden}},
  isbn = {978-3-658-31404-0}
}

@book{hightowerKubernetes2018,
  title = {Kubernetes: {{Eine}} Kompakte {{Einführung}}},
  author = {Hightower, Kelsey and Burns, Brendan and Beda, Joe},
  translator = {Demmig, Thomas},
  date = {2018},
  edition = {1. Auflage},
  publisher = {{dpunkt.verlag}},
  location = {{Heidelberg}},
  isbn = {978-3-86490-542-1}
}

@book{liebelSkalierbare2021,
  title = {Skalierbare Container-Infrastrukturen},
  author = {Liebel, Oliver},
  date = {2021},
  edition = {3. Auflage},
  publisher = {{Rheinwerk Computing}},
  location = {{Bonn}},
  isbn = {978-3-8362-7774-7},
  langid = {german}
}

@online{linuxfoundationKubernetes2022,
  title = {Kubernetes {{Documentation}}},
  author = {{Linux Foundation}},
  date = {2022},
  url = {https://kubernetes.io/docs/home/},
  urldate = {2022-02-01},
  organization = {{Kubernetes}},
  file = {/home/simon/Zotero/storage/MKCGYWTY/home.html}
}

@report{mordorintelligenceGlobal2020,
  title = {Global {{Cloud Microservices Market}}},
  author = {{Mordor Intelligence}},
  date = {2020},
  location = {{Hyderabad}},
  url = {https://www.mordorintelligence.com/industry-reports/cloud-microservices-market},
  urldate = {2022-01-26},
  abstract = {Mordor Intelligence provides Market Research - Consulting, Reports, Advisory, Sizing; Consulting - Client Research, Market Analysis, Competitive Landscape Analysis, Global Strategic Business Reports and Custom Market Research. Contact Us Now for any kind of report!}
}

@book{newmanMicroservices2015,
  title = {Microservices: {{Konzeption}} Und {{Design}}},
  author = {Newman, Sam},
  date = {2015},
  edition = {1. Auflage},
  publisher = {{mitp-Verl}},
  location = {{Frechen}},
  isbn = {978-3-95845-081-3}
}

@book{pasteurOeuvres1933,
  title = {Oeuvres de {{Pasteur}}},
  author = {Pasteur, Louis},
  date = {1933},
  publisher = {{Médiathèque scientifique de l'Institut Pasteur}},
  location = {{Paris}},
  url = {https://gallica.bnf.fr/ark:/12148/bpt6k6211139g},
  urldate = {2022-01-26}
}

@article{peltonenMotivations2021,
  title = {Motivations, Benefits, and Issues for Adopting Micro-Frontends: {{A}} Multivocal Literature Review},
  author = {Peltonen, Severi and Mezzalira, Luca and Taibi, Davide},
  date = {2021},
  journaltitle = {Information and Software Technology},
  volume = {136},
  url = {https://www.sciencedirect.com/science/article/pii/S0950584921000549},
  keywords = {Micro-Frontends,Microservices,Multivocal Literature Review,Software architectures,Web front-end development}
}

@report{puppetState2021,
  title = {State of {{DevOps}}},
  author = {{Puppet}},
  date = {2021},
  url = {https://puppet.com/resources/report/2021-state-of-devops-report/},
  urldate = {2022-01-26},
  abstract = {Read the 2021 State of DevOps Report to learn why firms are stuck in the middle of DevOps evolution, how automation and cloud relate, and more.}
}

@inproceedings{rossiHierarchical2020,
  title = {Hierarchical {{Scaling}} of {{Microservices}} in {{Kubernetes}}},
  booktitle = {2020 {{IEEE International Conference}} on {{Autonomic Computing}} and {{Self-Organizing Systems}} ({{ACSOS}})},
  author = {Rossi, Fabiana and Cardellini, Valeria and Presti, Francesco Lo},
  date = {2020-08},
  pages = {28--37},
  publisher = {{IEEE}},
  location = {{Washington}},
  url = {https://ieeexplore.ieee.org/document/9196461/},
  urldate = {2021-10-04},
  isbn = {978-1-72817-277-4}
}

@book{salusQuarter1994,
  title = {A Quarter Century of {{UNIX}}},
  author = {Salus, Peter},
  date = {1994},
  publisher = {{Addison-Wesley Pub. Co}},
  location = {{Reading}},
  isbn = {978-0-201-54777-1},
  keywords = {UNIX (Computer file)}
}

@book{trempArchitekturen2021,
  title = {Architekturen Verteilter {{Softwaresysteme}}},
  author = {Tremp, Hansruedi},
  date = {2021},
  publisher = {{Springer Vieweg}},
  location = {{Wiesbaden}},
  isbn = {978-3-658-33179-5 978-3-658-33178-8}
}

@online{vmwareinc.Spring2022,
  title = {Spring Can Help You Write Microservices},
  author = {{VMware, Inc.}},
  date = {2022},
  url = {https://spring.io/microservices},
  urldate = {2022-02-02},
  file = {/home/simon/Zotero/storage/VGSGMTA2/microservices.html}
}

@book{vohraKubernetes2016,
  title = {Kubernetes Microservices with {{Docker}}},
  author = {Vohra, Deepak and Nardone, Massimo},
  date = {2016},
  publisher = {{Apress}},
  location = {{Berkeley}},
  doi = {10.1007/978-1-4842-1907-2},
  isbn = {978-1-4842-1906-5}
}

@book{wolffMicroservices2018,
  title = {Microservices: {{Grundlagen}} Flexibler {{Softwarearchitekturen}}},
  author = {Wolff, Eberhard},
  date = {2018},
  edition = {2. Auflage},
  publisher = {{dpunkt.verlag}},
  location = {{Heidelberg}},
  isbn = {978-3-86490-555-1}
}


